
@Manual{crsra,
    title = {crsra: A package for cleaning and analyzing Coursera research data exports},
    author = {Aboozar Hadavand and Jeff T Leek},
    year = {2018},
    note = {R package version 0.1.0},
    url = {https://github.com/jhudsl/crsra},
}


@Manual{devtools,
    title = {devtools: Tools to Make Developing R Packages Easier},
    author = {Hadley Wickham and Winston Chang and RStudio and R Core team},
    year = {2017},
    note = {R package version 1.13.4},
    url = {https://cran.r-project.org/web/packages/devtools/index.html},
}


@article{ihaka:1996,
  Author = {Ihaka, Ross and Gentleman, Robert},
	Journal = {Journal of Computational and Graphical Statistics},
	Number = 3,
	Pages = {299--314},
	Title = {R: A Language for Data Analysis and Graphics},
	Volume = 5,
	Year = 1996}

@article{liyanagunawardena2013moocs,
  title={MOOCs: A systematic study of the published literature 2008-2012},
  author={Liyanagunawardena, Tharindu Rekha and Adams, Andrew Alexandar and Williams, Shirley Ann},
  journal={The International Review of Research in Open and Distributed Learning},
  volume={14},
  number={3},
  pages={202--227},
  year={2013}
}

@article{bozkurt2017trends,
  title={Trends and patterns in massive open online courses: Review and content analysis of research on MOOCs (2008-2015)},
  author={Bozkurt, Aras and Akg{\"u}n-{\"O}zbek, Ela and Zawacki-Richter, Olaf},
  journal={The International Review of Research in Open and Distributed Learning},
  volume={18},
  number={5},
  year={2017}
}

@article{mcauley2010mooc,
  title={The MOOC model for digital practice},
  author={McAuley, Alexander and Stewart, Bonnie and Siemens, George and Cormier, Dave},
  year={2010},
  publisher={Massive Open Online Courses: digital ways of knowing and learning, Charlottetown, Canada}
}

@inproceedings{lopez2017google,
  title={Google BigQuery for Education: Framework for Parsing and Analyzing edX MOOC Data},
  author={Lopez, Glenn and Seaton, Daniel T and Ang, Andrew and Tingley, Dustin and Chuang, Isaac},
  booktitle={Proceedings of the Fourth (2017) ACM Conference on Learning@ Scale},
  pages={181--184},
  year={2017},
  organization={ACM}
}

@article{reich2015rebooting,
  title={Rebooting MOOC research},
  author={Reich, Justin},
  journal={Science},
  volume={347},
  number={6217},
  pages={34--35},
  year={2015},
  publisher={American Association for the Advancement of Science}
}

@misc{coursera,
  author = {Coursera},
  year = {2018},
  title = {About Page},
  howpublished = {\url{https://blog.coursera.org/about/}},
  note = {Accessed: 2018-02-02}
}

@misc{coursera2016,
  author = {Coursera},
  year = {2016},
  title = {Coursera Blog: Introducing Subscriptions for Specializations},
  howpublished = {\url{https://blog.coursera.org/introducing-subscriptions-for-specializations/}},
  note = {Accessed: 2018-02-08}
}


@article{perna2014moving,
  title={Moving through MOOCs: Understanding the progression of users in massive open online courses},
  author={Perna, Laura W and Ruby, Alan and Boruch, Robert F and Wang, Nicole and Scull, Janie and Ahmad, Seher and Evans, Chad},
  journal={Educational Researcher},
  volume={43},
  number={9},
  pages={421--432},
  year={2014},
  publisher={SAGE Publications Sage CA: Los Angeles, CA}
}

@article{ho2014harvardx,
  title={HarvardX and MITx: The first year of open online courses, fall 2012-summer 2013},
  author={Ho, Andrew Dean and Reich, Justin and Nesterko, Sergiy O and Seaton, Daniel Thomas and Mullaney, Tommy and Waldo, Jim and Chuang, Isaac},
  year={2014}
}

@book{king1972primary,
  title={Primary and secondary indicators of education},
  author={King, Mervyn A},
  year={1972},
  publisher={Department of Applied Economics, University of Cambridge}
}