@Manual{R,
  title = {R: A Language and Environment for Statistical Computing},
  author = {{R Core Team}},
  organization = {R Foundation for Statistical Computing},
  address = {Vienna, Austria},
  year = {2012},
  note = {{ISBN} 3-900051-07-0},
  url = {http://www.R-project.org/},
}

@article{ihaka:1996,
  Author = {Ihaka, Ross and Gentleman, Robert},
	Journal = {Journal of Computational and Graphical Statistics},
	Number = 3,
	Pages = {299--314},
	Title = {R: A Language for Data Analysis and Graphics},
	Volume = 5,
	Year = 1996}

@article{liyanagunawardena2013moocs,
  title={MOOCs: A systematic study of the published literature 2008-2012},
  author={Liyanagunawardena, Tharindu Rekha and Adams, Andrew Alexandar and Williams, Shirley Ann},
  journal={The International Review of Research in Open and Distributed Learning},
  volume={14},
  number={3},
  pages={202--227},
  year={2013}
}

@article{bozkurt2017trends,
  title={Trends and patterns in massive open online courses: Review and content analysis of research on MOOCs (2008-2015)},
  author={Bozkurt, Aras and Akg{\"u}n-{\"O}zbek, Ela and Zawacki-Richter, Olaf},
  journal={The International Review of Research in Open and Distributed Learning},
  volume={18},
  number={5},
  year={2017}
}

@article{mcauley2010mooc,
  title={The MOOC model for digital practice},
  author={McAuley, Alexander and Stewart, Bonnie and Siemens, George and Cormier, Dave},
  year={2010},
  publisher={Massive Open Online Courses: digital ways of knowing and learning, Charlottetown, Canada}
}

@inproceedings{lopez2017google,
  title={Google BigQuery for Education: Framework for Parsing and Analyzing edX MOOC Data},
  author={Lopez, Glenn and Seaton, Daniel T and Ang, Andrew and Tingley, Dustin and Chuang, Isaac},
  booktitle={Proceedings of the Fourth (2017) ACM Conference on Learning@ Scale},
  pages={181--184},
  year={2017},
  organization={ACM}
}

@article{reich2015rebooting,
  title={Rebooting MOOC research},
  author={Reich, Justin},
  journal={Science},
  volume={347},
  number={6217},
  pages={34--35},
  year={2015},
  publisher={American Association for the Advancement of Science}
}

@misc{coursera,
  title = {Coursera, About Page},
  howpublished = {\url{https://blog.coursera.org/about/}},
  note = {Accessed: 2018-02-02}
}

@article{perna2014moving,
  title={Moving through MOOCs: Understanding the progression of users in massive open online courses},
  author={Perna, Laura W and Ruby, Alan and Boruch, Robert F and Wang, Nicole and Scull, Janie and Ahmad, Seher and Evans, Chad},
  journal={Educational Researcher},
  volume={43},
  number={9},
  pages={421--432},
  year={2014},
  publisher={SAGE Publications Sage CA: Los Angeles, CA}
}

@article{ho2014harvardx,
  title={HarvardX and MITx: The first year of open online courses, fall 2012-summer 2013},
  author={Ho, Andrew Dean and Reich, Justin and Nesterko, Sergiy O and Seaton, Daniel Thomas and Mullaney, Tommy and Waldo, Jim and Chuang, Isaac},
  year={2014}
}

@book{king1972primary,
  title={Primary and secondary indicators of education},
  author={King, Mervyn A},
  year={1972},
  publisher={Department of Applied Economics, University of Cambridge}
}